% Created for Aditya Basu at 2017-02-19 21:55:24 -0500 
% Saved with string encoding Unicode (UTF-8) 

@inproceedings{alpha-x86,
	author = {Aditya Basu and
			  Anish Mathuria and
			  Nagendra Chowdary},
	title = {Automatic Generation of Compact Alphanumeric Shellcodes for x86},
	booktitle = {10th International Conference on Information Systems Security (ICISS)},
	pages = {399--410},
	year = {2014},
	publisher = {Springer International Publishing},
	editor = {Atul Prakash and Rudrapatna Shyamasundar},
	isbn = {978-3-319-13841-1},
	url = {http://dx.doi.org/10.1007/978-3-319-13841-1_22},
	comment = {Hyderabad, India, December 16-20, 2014}
	}
